@misc{whatsAppsPerDay,
	author = {Manish Singh},
	editor = {TechCrunch},
	title = {``{W}hats{A}pp is now delivering roughly 100 billion messages a day''},
	date = {30 de octubre de 2020},
	howpublished = {\url{https://techcrunch.com/2020/10/29/whatsapp-is-now-delivering-roughly-100-billion-messages-a-day/}},
	note = {Online; accedido a 28 de diciembre de 2022},
	OPTlanguage = {Inglés},
	OPTnote = {Online; accedido a 28 de diciembre de 2022},
	OPTpublisher = {TechCrunch},
	OPTurl = {https://techcrunch.com/2020/10/29/whatsapp-is-now-delivering-roughly-100-billion-messages-a-day/},
}

@misc{whatsAppsUsers,
	author = {Daniel Ruby},
	editor = {DEMANDSAGE},
	title = {``{W}hatsapp {S}tatistics 2023 — {H}ow {M}any {P}eople {U}se {W}hatsapp''},
	date = {7 de noviembre de 2022},
	howpublished = {\url{https://www.demandsage.com/whatsapp-statistics/}},
	note = {Online; accedido a 28 de diciembre de 2022},
	OPTlanguage = {Inglés},
	OPTnote = {Online; accedido a 28 de diciembre de 2022},
	OPTpublisher = {DEMANDSAGE},
	OPTurl = {https://www.demandsage.com/whatsapp-statistics/},
}

@misc{telegramSecondPlaceGlobally,
	author = {Manish Singh},
	editor = {TechCrunch},
	title = {``{T}elegram tops 700 million users, launches premium tier''},
	date = {19 de junio de 2022},
	howpublished = {\url{https://techcrunch.com/2022/06/19/telegram-tops-700-million-users-launches-premium-tier/}},
	note = {Online; accedido a 16 de enero de 2023},
	OPTlanguage = {Inglés},
	OPTnote = {Online; accedido a 16 de enero de 2023},
	OPTpublisher = {TechCrunch},
	OPTurl = {https://techcrunch.com/2022/06/19/telegram-tops-700-million-users-launches-premium-tier/},
}

@misc{telegramMessagesPerDay,
	author = {The Telegram Team},
	editor = {Telegram},
	title = {``{T}elegram tops 700 million users, launches premium tier''},
	date = {23 de febrero de 2016},
	howpublished = {\url{https://telegram.org/blog/15-billion}},
	note = {Online; accedido a 16 de enero de 2023},
	OPTlanguage = {Inglés},
	OPTnote = {Online; accedido a 16 de enero de 2023},
	OPTpublisher = {Telegram},
	OPTurl = {https://telegram.org/blog/15-billion},
}

@misc{dunbarNumber,
	editor = {Wikipedia},
	title = {``{N}úmero de {D}unbar''},
	howpublished = {\url{https://es.wikipedia.org/wiki/N%C3%BAmero_de_Dunbar}},
	note = {Online; accedido a 11 de enero de 2023},
	OPTlanguage = {Español},
	OPTnote = {Online; accedido a 11 de enero de 2023},
	OPTpublisher = {Wikipedia},
	OPTurl = {https://es.wikipedia.org/wiki/N%C3%BAmero_de_Dunbar},
}

@misc{GPLv3,
	author = {Free Software Foundation, Inc.},
	editor = {GNU Operating System},
	title = {``{GNU} {G}eneral {P}ublic {L}icense {V}ersion 3''},
	date = {29 de junio de 2007},
	howpublished = {\url{https://www.gnu.org/licenses/gpl-3.0.en.html}},
	note = {Online; accedido a 28 de diciembre de 2022},
	OPTlanguage = {Inglés},
	OPTnote = {Online; accedido a 28 de diciembre de 2022},
	OPTpublisher = {GNU Operating System},
	OPTurl = {https://www.gnu.org/licenses/gpl-3.0.en.html},
}

@misc{firefoxNoPWA,
	author = {Jared Newman},
	editor = {FastCompany},
	title = {``{F}irefox just walked away from a key piece of the open web''},
	date = {26 de enero de 2021},
	howpublished = {\url{https://www.fastcompany.com/90597411/mozilla-firefox-no-ssb-pwa-support}},
	note = {Online; accedido a 11 de octubre de 2022},
	OPTlanguage = {Inglés},
	OPTnote = {Online; accedido a 11 de octubre de 2022},
	OPTpublisher = {FastCompany},
	OPTurl = {https://www.fastcompany.com/90597411/mozilla-firefox-no-ssb-pwa-support},
}

https://blogthinkbig.com/el-trafico-web-procedente-de-smartphones-ya-supera-al-de-ordenadores
@misc{movilTraficoMayor,
	author = {Pablo G. Bejerano},
	editor = {ThinkBig},
	title = {``{E}l tráfico web procedente de smartphones ya supera al de ordenadores''},
	howpublished = {\url{https://blogthinkbig.com/el-trafico-web-procedente-de-smartphones-ya-supera-al-de-ordenadores}},
	year = {2014},
	note = {Online; accedido a 14 de octubre de 2022},
	OPTlanguage = {Español},
	OPTnote = {Online; accedido a 14 de octubre de 2022},
	OPTpublisher = {ThinkBig},
	OPTurl = {https://blogthinkbig.com/el-trafico-web-procedente-de-smartphones-ya-supera-al-de-ordenadores},
}

@misc{linuxMarketShare,
	author = {Barry Elad},
	editor = {EnterpriseAppsToday},
	title = {``{L}inux {S}tatistics 2022 – {M}arket {S}hare, {U}sage {D}ata and {F}acts''},
	date = {10 de julio de 2022},
	howpublished = {\url{https://www.enterpriseappstoday.com/stats/linux-statistics.html}},
	note = {Online; accedido a 10 de octubre de 2022},
	OPTlanguage = {Inglés},
	OPTnote = {Online; accedido a 10 de octubre de 2022},
	OPTpublisher = {EnterpriseAppsToday},
	OPTurl = {https://www.enterpriseappstoday.com/stats/linux-statistics.html},
}

@misc{GPLv3,
	author = {Free Software Foundation},
	editor = {Free Software Foundation},
	title = {``{GNU} {G}eneral {P}ublic {L}icense''},
	date = {29 de junio de 2007},
	howpublished = {\url{https://www.gnu.org/licenses/gpl-3.0.en.html}},
	note = {Online; accedido a 18 de octubre de 2022},
	OPTlanguage = {Inglés},
	OPTnote = {Online; accedido a 18 de octubre de 2022},
	OPTpublisher = {GNU Operating System},
	OPTurl = {https://www.gnu.org/licenses/gpl-3.0.en.html},
}

@misc{firefoxPWAextension,
	author = {Filip Š},
	editor = {Mozilla},
	title = {``{P}rogressive {W}eb {A}pps for {F}irefox''},
	date = {30 de diciembre de 2022},
	howpublished = {\url{https://addons.mozilla.org/en-US/firefox/addon/pwas-for-firefox/}},
	note = {Online; accedido a 11 de enero de 2023},
	OPTlanguage = {Inglés},
	OPTnote = {Online; accedido a 11 de enero de 2023},
	OPTpublisher = {Mozilla},
	OPTurl = {https://addons.mozilla.org/en-US/firefox/addon/pwas-for-firefox/},
}